@misc{git,
    url = {https://github.com/util-linux/util-linux},
    title = {util-linux},
    urldate = {2023-04-23},
}

@misc{ncursesmanual,
    url = {https://man.archlinux.org/man/curs_terminfo.3x.en},
    urldate = {2023-04-23},
}

@misc{ncursesfaq,
    url = {https://invisible-island.net/ncurses/ncurses.faq.html#config_leaks},
    date = {2022-03-16},
    urldate = {2023-04-23},
    author = {Thomas E. Dickey}
}

@misc{valgrind,
    url = {https://valgrind.org/},
    urldate = {2023-04-23},
}

@misc{valgrindcore,
    url = {https://valgrind.org/docs/manual/manual-core.html},
    urldate = {2023-04-23},
}

@misc{cppcheck,
    url = {http://cppcheck.net/},
    urldate = {2023-04-23},
}

@misc{soundness,
    url = {http://www.pl-enthusiast.net/2017/10/23/what-is-soundness-in-static-analysis/},
    urldate = {2023-04-23},
    author = {Michael Hicks},
    date = {2017-10-23},
}
