@article{belady1966study,
  title={A study of replacement algorithms for a virtual-storage computer},
  author={Belady, Laszlo A.},
  journal={IBM Systems journal},
  volume={5},
  number={2},
  pages={78--101},
  year={1966},
  publisher={IBM}
}

@article{karlin1988competitive,
  title={Competitive snoopy caching},
  author={Karlin, Anna R and Manasse, Mark S and Rudolph, Larry and Sleator, Daniel D},
  journal={Algorithmica},
  volume={3},
  number={1},
  pages={79--119},
  year={1988},
  publisher={Springer}
}

@article{peserico2013paging,
  title={Paging with dynamic memory capacity},
  author={Peserico, Enoch},
  journal={arXiv preprint arXiv:1304.6007},
  year={2013},
}

@article{peserico2013paging3,
    title={Paging with dynamic memory capacity},
    author={Peserico, Enoch},
    journal={arXiv preprint arXiv:1304.6007},
    year={2013},
    pages={3}
}

@article{peserico2013paging34,
    title={Paging with dynamic memory capacity},
    author={Peserico, Enoch},
    journal={arXiv preprint arXiv:1304.6007},
    year={2013},
    pages={3, 4}
}

@article{peserico2013paging811,
    title={Paging with dynamic memory capacity},
    author={Peserico, Enoch},
    journal={arXiv preprint arXiv:1304.6007},
    year={2013},
    pages={8--11}
}

@article{peserico2013paging1114,
    title={Paging with dynamic memory capacity},
    author={Peserico, Enoch},
    journal={arXiv preprint arXiv:1304.6007},
    year={2013},
    pages={11--14}
}

@article{peserico2013paging2223,
    title={Paging with dynamic memory capacity},
    author={Peserico, Enoch},
    journal={arXiv preprint arXiv:1304.6007},
    year={2013},
    pages={22--23}
}
