@misc{ghidra,
    key = {0},
	title = {{Ghidra}},
	journal = {GitHub},
	year = {2024},
	month = mar,
	note = {[Online; accessed 19. Mar. 2024]},
	url = {https://github.com/NationalSecurityAgency/ghidra}
}

@misc{ghidra_license,
    key = {1},
	title = {{Ghidra License}},
	journal = {GitHub},
	year = {2024},
	month = mar,
	note = {[Online; accessed 19. Mar. 2024]},
	url = {https://github.com/NationalSecurityAgency/ghidra?tab=Apache-2.0-1-ov-file#readme}
}

@misc{intro_hyperv,
	author = {siwat},
	title = {{First Steps in Hyper-V Research {$\vert$} MSRC Blog {$\vert$} Microsoft Security Response Center}},
	year = {2024},
	month = mar,
	note = {[Online; accessed 19. Mar. 2024]},
	url = {https://msrc.microsoft.com/blog/2018/12/first-steps-in-hyper-v-research}
}

@misc{ghidrathon,
	title = {{Ghidrathon}},
    author = {Mediant},
	journal = {GitHub},
	year = {2024},
	month = mar,
	note = {[Online; accessed 20. Mar. 2024]},
	url = {https://github.com/mandiant/Ghidrathon}
}

@misc{kvm,
    key= {3},
	title = {{KVM}},
	year = {2024},
	month = mar,
	note = {[Online; accessed 20. Mar. 2024]},
	url = {https://linux-kvm.org/page/Main_Page}
}

@misc{qemu,
    key = {4},
	title = {{QEMU}},
	year = {2024},
	month = mar,
	note = {[Online; accessed 20. Mar. 2024]},
	url = {https://www.qemu.org}
}

@misc{virt-manager,
    key = {5},
	title = {{Virtual Machine Manager}},
	year = {2024},
	month = jan,
	note = {[Online; accessed 20. Mar. 2024]},
	url = {https://virt-manager.org}
}

@misc{nested-virt,
    key = {6},
	title = {{Nested Guests - KVM}},
	year = {2023},
	month = oct,
	note = {[Online; accessed 20. Mar. 2024]},
	url = {https://www.linux-kvm.org/page/Nested_Guests}
}

@misc{super_user,
    author = {Robert Strube},
	title = {{Kvm nested Virtualbox windows guest}},
	journal = {Super User - Stack Exchange},
	year = {2020},
	month = sep,
	note = {[Online; accessed 20. Mar. 2024]},
	url = {https://superuser.com/a/1589286}
}

@misc{redpill,
    author = {Redpill Linpro},
	title = {{Nested Virtualization - Hyper-V 2019 in qemu-kvm}},
	journal = {techblog},
	year = {2021},
	month = apr,
	note = {[Online; accessed 20. Mar. 2024]},
	url = {https://www.redpill-linpro.com/techblog/2021/04/07/nested-virtualization-hyper-v-in-qemu-kvm.html}
}

@misc{petr,
    author = {PeterGV},
	title = {{Using WinDbg Over KDNet on QEMU-KVM}},
	journal = {OSR},
	year = {2021},
	month = oct,
	note = {[Online; accessed 20. Mar. 2024]},
	url = {https://www.osr.com/blog/2021/10/05/using-windbg-over-kdnet-on-qemu-kvm}
}

@misc{kdnet,
	author = {Domars},
	title = {{Set Up KDNET Network Kernel Debugging Automatically - Windows drivers}},
	year = {2023},
	month = aug,
	note = {[Online; accessed 21. Mar. 2024]},
	url = {https://learn.microsoft.com/en-us/windows-hardware/drivers/debugger/setting-up-a-network-debugging-connection-automatically}
}

@misc{debugg,
	author = {Domars},
	title = {{Debugging Tools for Windows - Windows drivers}},
	year = {2023},
	month = dec,
	note = {[Online; accessed 21. Mar. 2024]},
	url = {https://learn.microsoft.com/en-us/windows-hardware/drivers/debugger/debugger-download-tools}
}

@misc{tlfs,
	author = {alexgrest},
	title = {{Hypervisor Specification}},
	year = {2022},
	month = may,
	note = {[Online; accessed 21. Mar. 2024]},
	url = {https://learn.microsoft.com/en-us/virtualization/hyper-v-on-windows/tlfs/tlfs}
}

@misc{retsync,
    key = {6},
	title = {{ret-sync}},
	journal = {GitHub},
	year = {2024},
	month = mar,
	note = {[Online; accessed 21. Mar. 2024]},
	url = {https://github.com/bootleg/ret-sync?tab=readme-ov-file#ghidra-usage}
}

@article{comp,
	author = {trib0r3},
	title = {{Comparision of Reverse-Engineering Tools}},
	journal = {reHex Ninja},
	year = {2020},
	month = apr,
	publisher = {reHex Ninja},
	url = {https://rehex.ninja/posts/comparision-of-re-tools}
}

@misc{numa,
    key = {7},
	title = {{Hyper-V Virtual NUMA Overview}},
	year = {2016},
	month = oct,
	note = {[Online; accessed 23. Mar. 2024]},
	url = {https://learn.microsoft.com/en-us/previous-versions/windows/it-pro/windows-server-2012-r2-and-2012/dn282282(v=ws.11)}
}
