@misc{func_prog_in_lean,
	title = {{Introduction - Functional Programming in Lean}},
    author = {Contributors},
	year = {2024},
	month = mar,
	note = {Online; accessed 4. Mar. 2024},
	url = {https://lean-lang.org/functional_programming_in_lean/introduction.html}
}

@article{theorem_proving_in_lean4,
  title={Theorem proving in Lean},
  author={Avigad, Jeremy and De Moura, Leonardo and Kong, Soonho},
  journal={Online: https://leanprover.github.io/theorem\_proving\_in\_lean/theorem\_proving\_in\_lean.pdf},
  year={2021}
}

@misc{haskell,
	title = {{Haskell Language}},
    key = {0},
	year = {2024},
	note = {Online; accessed 4. Mar. 2024},
	url = {https://www.haskell.org}
}

@misc{ocaml,
	title = {{Welcome to a World of OCaml}},
    key= {1},
	year = {2024},
	note = {Online; accessed 4. Mar. 2024},
	url = {https://ocaml.org}
}

@phdthesis{girard,
  title={An analysis of Girard's paradox},
  author={Coquand, Thierry},
  year={1986},
  school={INRIA}
}

@misc{russell,
  title={Russell’s paradox},
  author={Irvine, Andrew David and Deutsch, Harry},
  year={1995}
}

@misc{systemu,
	author = {{Contributors to Wikimedia projects}},
	title = {{System U - Wikipedia}},
	year = {2023},
	month = nov,
	note = {Online; accessed 5. Mar. 2024},
	url = {https://en.wikipedia.org/w/index.php?title=System_U&oldid=1183340249}
}

@article{altenkirch2005dependent,
  title={Why dependent types matter},
  author={Altenkirch, Thorsten and McBride, Conor and McKinna, James},
  journal={Manuscript, available online},
  year={2005},
  url = {https://www.cs.nott.ac.uk/~psztxa/publ/ydtm.pdf}
}

@misc{natural,
	title = {{Natural Number Game}},
    key = {3},
	year = {2024},
	month = mar,
	note = {Online; accessed 7. Mar. 2024},
	url = {https://adam.math.hhu.de/#/g/leanprover-community/nng4}
}

@misc{hitchhiker,
  title={The Hitchhiker’s Guide to Logical Verification (2023 Edition)},
  author={Baanen, Anne and Bentkamp, Alexander and Blanchette, Jasmin and H{\"o}lzl, Johannes and Limperg, Jannis},
  year={2023},
  url = {https://lean-forward.github.io/hitchhikers-guide/2023},
  note = {Online; accessed 8. Mar. 2024},
}

@article{formalver,
  title={What is formal verification?},
  author={Sanghavi, Alok},
  journal={EE Times\_Asia},
  year={2010}
}

@incollection{floyd,
  title={Assigning meanings to programs},
  author={Floyd, Robert W},
  booktitle={Program Verification: Fundamental Issues in Computer Science},
  pages={65--81},
  year={1993},
  publisher={Springer}
}

@article{hoare,
  title={An axiomatic basis for computer programming},
  author={Hoare, Charles Antony Richard},
  journal={Communications of the ACM},
  volume={12},
  number={10},
  pages={576--580},
  year={1969},
  publisher={ACM New York, NY, USA}
}

@misc{bf,
    key={4},
	title = {{Brainf*ck - Esolang}},
	year = {2024},
	month = feb,
	note = {Online; accessed 8. Mar. 2024},
	url = {https://esolangs.org/wiki/Brainfuck}
}
