@misc{re_wiki,
	author = {{Contributors to Wikimedia projects}},
	title = {{Reverse engineering - Wikipedia}},
	year = {2024},
	month = apr,
	note = {[Online; accessed 21. May 2024]},
	url = {https://en.wikipedia.org/w/index.php?title=Reverse_engineering&oldid=1221145420}
}

@misc{malware_crowdstrike,
	title = {{Malware Analysis: Steps {\&} Examples - CrowdStrike}},
	journal = {Crowdstrike},
	year = {2024},
	month = apr,
	note = {[Online; accessed 21. May 2024]},
	url = {https://www.crowdstrike.com/cybersecurity-101/malware/malware-analysis}
}
